<?xml version="1.0" encoding="UTF-8"?><collection xmlns="http://www.loc.gov/MARC21/slim"><record><leader>00308nam--2200133-i-4500</leader><controlfield tag="001">000049210</controlfield><controlfield tag="002">20161230</controlfield><controlfield tag="005">20161230201047</controlfield><controlfield tag="008">060222s1000------------r-----000-0-eng-d</controlfield><datafield ind1=" " ind2=" " tag="080"><subfield code="a">519.682.2</subfield></datafield><datafield ind1=" " ind2=" " tag="245"><subfield code="a">Algol 68. metody realizacii</subfield></datafield><datafield ind1=" " ind2=" " tag="260"><subfield code="a">Leningrad, 1976. 223 S</subfield></datafield><datafield ind1=" " ind2=" " tag="700"><subfield code="a">G.S.Ceitina</subfield></datafield><datafield ind1=" " ind2=" " tag="852"><subfield code="a">45010</subfield></datafield></record></collection>